@article{obigin1916intracranial,
  title={Intracranial aneurysms.},
  author={OBIGIN, ANEUBYSMS OP NON-EMBOLIC and OBIOIN, ANEURYSMS OP EMBOLIC and CONCLUSIONS, CHAPTER V?SUMMABY OP},
  year={1916},
  publisher={Oxford Univ Press}
}